% This file was created with JabRef 2.10b2.
% Encoding: UTF-8


@Book{PracticalGuide,
  author    = {Will Arthur and David Challener and Kenneth Goldman},
  title     = {A Practical Guide to TPM 2.0: Using the Trusted Platform Module in the New Age of Security},
  publisher = {Apress},
  year      = {2015},
  isbn      = {978-1-4302-6584-9},
  doi       = {10.1007/978-1-4302-6584-9},
  url       = {https://link.springer.com/content/pdf/10.1007/978-1-4302-6584-9.pdf},
}


@Manual{TPMSpec,
  author    = {{Trusted Computing Group}},
  title     = {Trusted Platform Module Library Specification, Family 2.0, Level 00, Revision 01.59},
  year      = {2019},
  url       = {https://trustedcomputinggroup.org/resource/tpm-library-specification/}
}

@Manual{EKSpec,
  author    = {{Trusted Computing Group}},
  title     = {TCG EK Credential Profile For TPM Family 2.0, Level 00, Version 2.4, Revision 3},
  year      = {2021},
  url       = {https://trustedcomputinggroup.org/wp-content/uploads/TCG_IWG_EKCredentialProfile_v2p4_r3.pdf}
}

@Book{LogicalFoundations,
  author    = {Benjamin C. Pierce and Arthur Azevedo de Amorim and Chris Casinghino and Marco Gaboardi and Michael Greenberg and C{\u a}t{\u a}lin Hri{\c t}cu and Vilhelm Sj{\"o}berg and Brent Yorgey},
  title     = {Logical Foundations},
  series    = {Software Foundations series, volume 1},
  publisher = {Electronic textbook},
  year      = {2022},
  version   = {6.2},
  url       = {https://softwarefoundations.cis.upenn.edu/lf-current/index.html}
}


@Manual{DevIDSpec-TCG,
  author    = {{Trusted Computing Group}},
  title     = {TPM 2.0 Keys for Device Identity and Attestation},
  year      = {2021},
  version   = {1.00},
  revision  = {12},
  url       = {https://trustedcomputinggroup.org/wp-content/uploads/TPM-2p0-Keys-for-Device-Identity-and-Attestation_v1_r12_pub10082021.pdf},
}


@Article{DevIDSpec-IEEE,
  author    = {{Institute of Electrical and Electronics Engineers}},
  title     = {{IEEE Standard for Local and Metropolitan Area Networks - Secure Device Identity}},
  journal   = {IEEE Std 802.1AR-2018},
  year      = {2018},
  doi       = {10.1109/IEEESTD.2018.8423794},
  url       = {https://ieeexplore.ieee.org/document/8423794}
  }


  @Article{KeyManagement,
  author    = {Elaine Barker},
  title     = {Recommendation for Key Management},
  journal   = {NIST Special Publication 800-57 Part 1 Revision 5},
  year      = {2020},
  doi       = {10.6028/NIST.SP800-57pt1r5},
  url       = {https://nvlpubs.nist.gov/nistpubs/SpecialPublications/NIST.SP.800-57pt1r5.pdf},
  }